<record><leader>00000cas a22000007a 4500</leader><controlfield tag="001">12619298</controlfield><controlfield tag="008">850930d18941903iauwr ne      0    0eng d</controlfield><datafield ind1=" " ind2=" " tag="010"><subfield code="a">sn 85050932 </subfield></datafield><datafield ind1=" " ind2=" " tag="040"><subfield code="a">INP</subfield><subfield code="b">eng</subfield><subfield code="c">INP</subfield><subfield code="d">OCLCQ</subfield></datafield><datafield ind1=" " ind2=" " tag="042"><subfield code="a">msc</subfield></datafield><datafield ind1="0" ind2=" " tag="130"><subfield code="a">Saturday mail (Stanhope, Iowa)</subfield></datafield><datafield ind1="1" ind2="4" tag="245"><subfield code="a">The Saturday mail.</subfield></datafield><datafield ind1=" " ind2=" " tag="260"><subfield code="a">Stanhope, Iowa :</subfield><subfield code="b">Fred R. Barkhurst,</subfield><subfield code="c">1894-1903.</subfield></datafield><datafield ind1=" " ind2=" " tag="300"><subfield code="a">10 v. :</subfield><subfield code="b">ill. ;</subfield><subfield code="c">53-55 cm.</subfield></datafield><datafield ind1=" " ind2=" " tag="310"><subfield code="a">Weekly</subfield></datafield><datafield ind1="0" ind2=" " tag="362"><subfield code="a">Vol. 1, no. 1 (May 12, 1894)-v. 10, no. 33 (Dec. 26, 1903).</subfield></datafield><datafield ind1=" " ind2=" " tag="500"><subfield code="a">Publishers: Fred R. Barkhurst, May 12, 1894-Oct. 10, 1903; Edward J. Johnson, Oct. 17, 1903-Dec. 26, 1903.</subfield></datafield><datafield ind1=" " ind2=" " tag="500"><subfield code="a">Editors: Fred R. Barkhurst, May 12, 1894-Oct. 10, 1903; Edward J. Johnson, Oct. 17, 1903-Dec. 26, 1903.</subfield></datafield><datafield ind1=" " ind2=" " tag="525"><subfield code="a">Includes occasional supplements.</subfield></datafield><datafield ind1=" " ind2=" " tag="752"><subfield code="a">United States</subfield><subfield code="b">Iowa</subfield><subfield code="c">Hamilton</subfield><subfield code="d">Stanhope.</subfield></datafield><datafield ind1="0" ind2="0" tag="785"><subfield code="t">Stanhope mail (Stanhope, Iowa : 1904)</subfield><subfield code="w">(DLC)sn 85050933</subfield></datafield><datafield ind1="1" ind2=" " tag="029"><subfield code="a">AU@</subfield><subfield code="b">000025790173</subfield></datafield></record>